@article{George19,
  title={Python Pandas Tutorial: A Complete Introduction for Beginners},
  author={McIntire, G and Martin, B and Washington, L},
  journal={Learn Data Science-Tutorials, Books, Courses, and More},
  year={2019}
}

@article{Heller20,
  title={What is Kotlin? The Java alternative explained},
  author={Heller, Martin},
  journal={InfoWorld},
  volume={23},
  year={2020}
}


@article{Gulati12,
  title={Apache hadoop, nosql and newsql solutions of big data},
  author={Kumar, Rakesh and Parashar, Bhanu Bhushan and Gupta, Sakshi and Sharma, Yougeshwary and Gupta, Neha},
  journal={International Journal of Advance Foundation and Research in Science \& Engineering (IJAFRSE)},
  volume={1},
  number={6},
  pages={28--36},
  year={2014}
}

@misc{sharma24,
  author = {Raksha Sharma},
  title = {EdTech Market},
  howpublished = {Growth Market Reports},
  note = {\url{https://www.growthmarketreports.com/report/edtech-market-size-share-trends-analysis}},
  year = {2024},
  urldate = {2024-05-20}
}

@misc{minton24,
  author = {Stephen Minton and Jessica Goepfert},
  title = {State of the Market: IT Spending and AI Forecast by Industry, 2024},
  howpublished = {IDC},
  note = {\url{https://www.idc.com/getdoc.jsp?containerId=US51916824}},
  year = {2024},
  urldate = {2024-05-20}
}

